00589cas a22002291a 4500
001 999322623502836
003 Nz
005 20220211144031.0
008 040113d19611963nz wr ne      0   a0eng  
035    $a (NLNZils)932262
035    $a (Nz)8183867
035    $a (NLNZils)932262-ilsdb
035    $a (OCoLC)173423236
040    $a NZNB $c NZNB
042    $a nznb
043    $a u-nz---
245 00 $a Taupo press.
260    $a [Taupo, N.Z. : $b s.n., $c 1961-1963]
310    $a Weekly
362 0  $a 1961 Dec.14-1963 Mar.28
651  0 $a Taupo (N.Z.) $v Newspapers.
655  7 $a New Zealand newspapers. $2 local $5 Nz
